@misc
{ref1,
title={DirectFB site officiel},
note={http://directfb.org/}
}

@misc
{ref2,
title={DirectFB wikipédia},
note={http://fr.wikipedia.org/wiki/DirectFB}
}

@misc
{ref3,
title={Protocole RFB wikipédia},
note={http://en.wikipedia.org/wiki/RFB_protocol}
}

@misc
{ref4,
title={QEMU wikipédia},
note={http://en.wikipedia.org/wiki/QEMU}
}

@misc
{ref5,
title={VNC wikipédia},
note={http://en.wikipedia.org/wiki/VNC}
}

@misc
{ref6,
author = {Freescale},
title={Android on i.MX Applications Processors},
note={pdf de présentation application processeur i.MX},
year={2012},
month={Novembre}
}

@misc
{ref7,
author = {Freescale},
title={Android on eReader and Smartbooks},
note={pdf de présentation},
year={2010},
month={Aout}
}

@misc
{ref8,
author = {Freescale},
title={Freescale Android Platform Support for i.MX applications processors},
note={pdf de présentation de la plateforme de support Freescale des processeur i.MX},
year={2010},
month={May}
}

@misc
{ref9,
author = {Freescale},
title={Designing an eReader Solution Using the i.MX 508},
note={pdf de présentation},
year={2010},
month={Aout}
}

@misc
{ref10,
author = {Freescale},
title={i.MX50 Multimédia Applications Processor Reference Manual},
note={pdf du manuel de référence des processeur i.MX50},
year={2011},
month={Octobre}
}

@misc
{ref11,
author = {Freescale},
title={i.MX50 RDP Linux},
note={pdf d'un manuel de référence },
year={2010},
month={Décembre}
}

@misc
{ref12,
author = {Freescale},
title={eReader System Development},
note={pdf de présentation du Système de développement d'une liseuse},
year={2010},
month={Juillet}
}


@misc
{ref13,
author = {Jaya Kumar},
title={Supporting electronic paper},
note={Article html du site LWN.net},
year={2007},
month={Novembre}
}


@misc
{ref14,
title={E-Paper Displays},
note={pdf de présentation écran e-ink présenté lors du CELF Embedded Linux Conference Europe},
year={2008},
month={Novembre},
}


@misc
{ref15,
title={Présentation Sony PRS-T1},
note={http://www.sony.fr/product/rd-reader-ebook/prs-t1}
}


@misc
{ref16,
title={PRST1 Rooting and Tweaks},
note={http://wiki.mobileread.com/wiki/PRST1_Rooting_and_Tweaks}
}


@misc
{ref17,
title={How to use USB device networking},
note={https://www.ridgerun.com/developer/wiki/index.php/How_to_use_USB_device_networking}
}


@misc
{ref18,
title={How to configure DM365 for USB host, device and OTG support},
note={https://www.ridgerun.com/developer/wiki/index.php/How_to_configure_DM365_for_USB_host,_device_and_OTG_support}
}



@misc
{ref19,
title={Kernel Compilation},
note={http://www.arm.linux.org.uk/docs/kerncomp.php}
}



@misc
{ref20,
title={Introduction to Implementing IOCTLs},
note={http://www.codeproject.com/Articles/9575/Driver-Development-Part-2-Introduction-to-Implemen}
}



@misc
{ref21,
title={insmod & rmmod in Linux Device Drivers},
note={http://www.allinterview.com/showanswers/109914.html}
}



@misc
{ref22,
title={iMX53QSB : DirectFB and TSlib},
note={https://community.freescale.com/thread/254987}
}



@misc
{ref23,
title={Static, Shared Dynamic and Loadable Linux Libraries},
note={http://www.yolinux.com/TUTORIALS/LibraryArchives-StaticAndDynamic.html}
}



@misc
{ref24,
title={Porting DirectFB},
note={http://elinux.org/Porting_DirectFB}
}



@misc
{ref25,
title={Virtual Network Computing},
note={http://en.wikipedia.org/wiki/Virtual_Network_Computing}
}



@misc
{ref26,
title={RFB Protocol},
note={http://en.wikipedia.org/wiki/RFB_protocol},
}



@misc
{ref27,
title={The Remote Framebuffer Protocol},
note={https://tools.ietf.org/html/rfc6143},
}



@misc
{ref28,
author = {Tristan Richardson},
title={The RFB Protocol},
note={Document disponible à l'adresse http://www.realvnc.com/docs/rfbproto.pdf},
year={2010},
month={Novembre}
}



@misc
{ref28,
title={Accès à distance par VNC sur un compte ouvert},
note={http://linux.jpvweb.com/mesrecetteslinux/doku.php?id=vnc_debian},
}

