@misc
{ref1,
title={DirectFB site officiel},
note={http://directfb.org/}
}

@misc
{ref2,
title={DirectFB wikipédia},
note={http://fr.wikipedia.org/wiki/DirectFB}
}

@misc
{ref3,
title={Protocole RFB wikipédia},
note={http://en.wikipedia.org/wiki/RFB_protocol}
}

@misc
{ref4,
author = {Freescale},
title={Android on i.MX Applications Processors},
note={pdf de présentation application processeur i.MX},
year={2012},
month={Novembre}
}

@misc
{ref5,
author = {Freescale},
title={Android on eReader and Smartbooks},
note={pdf de présentation},
year={2010},
month={Aout}
}

@misc
{ref6,
author = {Freescale},
title={Freescale Android Platform Support for i.MX applications processors},
note={pdf de présentation de la plateforme de support Freescale des processeur i.MX},
year={2010},
month={May}
}

@misc
{ref7,
author = {Freescale},
title={Designing an eReader Solution Using the i.MX 508},
note={pdf de présentation},
year={2010},
month={Aout}
}

@misc
{ref8,
author = {Freescale},
title={i.MX50 Multimédia Applications Processor Reference Manual},
note={pdf du manuel de référence des processeur i.MX50},
year={2011},
month={Octobre}
}

@misc
{ref9,
title={E-Paper Displays},
note={pdf de présentation écran e-ink présenté lors du CELF Embedded Linux Conference Europe},
year={2008},
month={Novembre},
}







